% - geocite project website
@misc{geocite,
    author = {Steinbrink, Malte and Aufenvenne, Philipp},
    url={https://geographische-netzwerkstatt.uni-passau.de/de/geocite/},
    title={Die Säulen der Einheit und die Brücken im Fach},
    year={2019},
    month={Jun},
    urldate = {2023-07-01}
}

% - DFG project
@misc{geocite_dfg,
    author = {Mayr-Schlegel, Philipp and Steinbrink, Malte},
    url={https://gepris.dfg.de/gepris/projekt/249237273},
    title={Die Säulen der Einheit und die Brücken im Fach: Geographische Forschung zwischen Rhetorik und Praxis},
    urldate = {2023-07-01}
}

%
@article{aufenvenne2014saulen,
  title={S{\"a}ulen der Einheit: Zur Stellung integrativer Autor\_innen in der deutschsprachigen Geographie},
  author={Aufenvenne, Philipp and Steinbrink, Malte},
  journal={geographische revue},
  volume={16},
  number={2},
  pages={23--33},
  year={2014}
}

%
@misc{geoprof,
  doi = {10.5880/FIDGEO.2021.018},
  url = {https://dataservices.gfz-potsdam.de/panmetaworks/showshort.php?id=917db95f-c1dc-11eb-9603-497c92695674},
  author = {Steinbrink,  Malte and Aufenvenne,  Philipp and K\"{o}hler,  Matthias and Birkeneder,  Bastian},
  keywords = {Historische Geographie,  Geographiegeschichte,  Wissenschaftsforschung,  Disziplinentwicklung,  Professorendatenbank,  Professorenschaft,  science &gt; geography},
  language = {de},
  title = {GEOprof-Database: Datenbank der geographischen ProfessorInnenschaft im deutschsprachigen Raum ab 1949},
  publisher = {GFZ Data Services},
  year = {2021},
  copyright = {Creative Commons Attribution 4.0 International}
}

% cermine
@article{tkaczyk2015cermine,
  title={CERMINE: automatic extraction of structured metadata from scientific literature},
  author={Tkaczyk, Dominika and Szostek, Pawe{\l} and Fedoryszak, Mateusz and Dendek, Piotr Jan and Bolikowski, {\L}ukasz},
  journal={International Journal on Document Analysis and Recognition (IJDAR)},
  volume={18},
  pages={317--335},
  year={2015},
  publisher={Springer}
}

% grobid
@inproceedings{lopez2009grobid,
  title={GROBID: Combining automatic bibliographic data recognition and term extraction for scholarship publications},
  author={Lopez, Patrice},
  booktitle={Research and Advanced Technology for Digital Libraries: 13th European Conference, ECDL 2009, Corfu, Greece, September 27-October 2, 2009. Proceedings 13},
  pages={473--474},
  year={2009},
  organization={Springer}
}

@misc{pymupdf,
    url={https://pymupdf.readthedocs.io/en/latest/},
    title={PyMuPDF 1.22.5 documentation},
    urldate = {2023-07-01},
    label = {PyMu}
}

@misc{pytesseract,
    url={https://github.com/madmaze/pytesseract},
    title={A Python wrapper for Google Tesseract},
    urldate = {2023-07-01}
}

@inproceedings{tesseract,
  title={An overview of the Tesseract OCR engine},
  author={Smith, Ray},
  booktitle={Ninth international conference on document analysis and recognition (ICDAR 2007)},
  volume={2},
  pages={629--633},
  year={2007},
  organization={IEEE}
}

@misc{clark2015pillow,
  title={Pillow (PIL Fork) Documentation},
  author={Clark, Alex},
  year={2015},
  publisher={readthedocs},
 url={https://buildmedia.readthedocs.org/media/pdf/pillow/latest/pillow.pdf}
}

@inproceedings{Wolf_Transformers_State-of-the-Art_Natural_2020,author = {Wolf, Thomas and Debut, Lysandre and Sanh, Victor and Chaumond, Julien and Delangue, Clement and Moi, Anthony and Cistac, Perric and Ma, Clara and Jernite, Yacine and Plu, Julien and Xu, Canwen and Le Scao, Teven and Gugger, Sylvain and Drame, Mariama and Lhoest, Quentin and Rush, Alexander M.},month = oct,pages = {38--45},publisher = {Association for Computational Linguistics},title = {{Transformers: State-of-the-Art Natural Language Processing}},url = {https://www.aclweb.org/anthology/2020.emnlp-demos.6},year = {2020}}

@inproceedings{Lhoest_Datasets_A_Community_2021,author = {Lhoest, Quentin and Villanova del Moral, Albert and von Platen, Patrick and Wolf, Thomas and Šaško, Mario and Jernite, Yacine and Thakur, Abhishek and Tunstall, Lewis and Patil, Suraj and Drame, Mariama and Chaumond, Julien and Plu, Julien and Davison, Joe and Brandeis, Simon and Sanh, Victor and Le Scao, Teven and Canwen Xu, Kevin and Patry, Nicolas and Liu, Steven and McMillan-Major, Angelina and Schmid, Philipp and Gugger, Sylvain and Raw, Nathan and Lesage, Sylvain and Lozhkov, Anton and Carrigan, Matthew and Matussière, Théo and von Werra, Leandro and Debut, Lysandre and Bekman, Stas and Delangue, Clément},booktitle = {Proceedings of the 2021 Conference on Empirical Methods in Natural Language Processing: System Demonstrations},month = nov,pages = {175--184},publisher = {Association for Computational Linguistics},title = {{Datasets: A Community Library for Natural Language Processing}},url = {https://aclanthology.org/2021.emnlp-demo.21},year = {2021}}

@inproceedings{lin2014microsoft,
  title={Microsoft coco: Common objects in context},
  author={Lin, Tsung-Yi and Maire, Michael and Belongie, Serge and Hays, James and Perona, Pietro and Ramanan, Deva and Doll{\'a}r, Piotr and Zitnick, C Lawrence},
  booktitle={Computer Vision--ECCV 2014: 13th European Conference, Zurich, Switzerland, September 6-12, 2014, Proceedings, Part V 13},
  pages={740--755},
  year={2014},
  organization={Springer}
}

@book{gill2008introduction,
  title={Introduction to metadata},
  author={Gill, Tony and Gilliland, Anne J and Whalen, Maureen and Woodley, Mary S},
  year={2008},
  publisher={Getty Publications},
  pages={2-3}
}

@article{cox2017metadata,
  title={Metadata and Copyright: Should Institutions License Their Data about Scholarship?},
  author={Cox, Krista L},
  year={2017},
  journal={Copyright, Fair Use, Scholarly Communication, etc.},
  issue={59},
  url={https://digitalcommons.unl.edu/scholcom/59}
}

@misc{Gilmartin_2015,
    author = {Gilmartin, Andrew},
    url={https://www.crossref.org/blog/dois-and-matching-regular-expressions/},
    title={Dois and matching regular expressions - crossref},
    year={2015},
    month={Aug},
    urldate = {2023-07-01}
}

@article{di2017publish,
  title={Publish (in English) or perish: The effect on citation rate of using languages other than English in scientific publications},
  author={Di Bitetti, Mario S and Ferreras, Juli{\'a}n A},
  journal={Ambio},
  volume={46},
  pages={121--127},
  year={2017},
  publisher={Springer}
}

%excite methods
@INPROCEEDINGS{excite_methods,
  author={Boukhers, Zeyd and Ambhore, Shriharsh and Staab, Steffen},
  booktitle={2019 ACM/IEEE Joint Conference on Digital Libraries (JCDL)}, 
  title={An End-to-End Approach for Extracting and Segmenting High-Variance References from PDF Documents}, 
  year={2019},
  volume={},
  number={},
  pages={186-195},
  doi={10.1109/JCDL.2019.00035}}

%excite toolchain
@inproceedings{excite_toolchain,
  title={EXCITE--A toolchain to extract, match and publish open literature references},
  author={Hosseini, Azam and Ghavimi, Behnam and Boukhers, Zeyd and Mayr, Philipp},
  booktitle={2019 ACM/IEEE Joint Conference on Digital Libraries (JCDL)},
  pages={432--433},
  year={2019},
  organization={IEEE}
}

@article{tkaczyk2014grotoap2,
  title={GROTOAP2-the methodology of creating a large ground truth dataset of scientific articles},
  author={Tkaczyk, Dominika and Szostek, Pawel and Bolikowski, Lukasz},
  journal={D-Lib Magazine},
  volume={20},
  number={11/12},
  year={2014},
  publisher={Corporation for National Research Initiatives}
}

@article{gamble2017pubmed,
  title={PubMed Central (PMC)},
  author={Gamble, Alyson},
  journal={The Charleston Advisor},
  volume={19},
  number={2},
  pages={48--54},
  year={2017},
  publisher={The Charleston Company}
}

@misc{pmcoas,
    url={https://www.ncbi.nlm.nih.gov/pmc/tools/openftlist/},
    title={PMC Open Access Subset},
    editor={Bethesda (MD): National Library of Medicine},
    year={2003},
    urldate = {2023-07-01}
}

@inproceedings{zhong2019publaynet,
  title={Publaynet: largest dataset ever for document layout analysis},
  author={Zhong, Xu and Tang, Jianbin and Yepes, Antonio Jimeno},
  booktitle={2019 International Conference on Document Analysis and Recognition (ICDAR)},
  pages={1015--1022},
  year={2019},
  organization={IEEE}
}

@article{li2020docbank,
  title={DocBank: A benchmark dataset for document layout analysis},
  author={Li, Minghao and Xu, Yiheng and Cui, Lei and Huang, Shaohan and Wei, Furu and Li, Zhoujun and Zhou, Ming},
  journal={arXiv preprint arXiv:2006.01038},
  year={2020}
}

%balanced wikiann
@article{rahimi2019massively,
  title={Massively multilingual transfer for NER},
  author={Rahimi, Afshin and Li, Yuan and Cohn, Trevor},
  journal={arXiv preprint arXiv:1902.00193},
  year={2019}
}

%wikiann
@inproceedings{pan-etal-2017-cross,
    title = "Cross-lingual Name Tagging and Linking for 282 Languages",
    author = "Pan, Xiaoman  and
      Zhang, Boliang  and
      May, Jonathan  and
      Nothman, Joel  and
      Knight, Kevin  and
      Ji, Heng",
    booktitle = "Proceedings of the 55th Annual Meeting of the Association for Computational Linguistics (Volume 1: Long Papers)",
    month = jul,
    year = "2017",
    address = "Vancouver, Canada",
    publisher = "Association for Computational Linguistics",
    url = "https://aclanthology.org/P17-1178",
    doi = "10.18653/v1/P17-1178",
    pages = "1946--1958",
    abstract = "The ambitious goal of this work is to develop a cross-lingual name tagging and linking framework for 282 languages that exist in Wikipedia. Given a document in any of these languages, our framework is able to identify name mentions, assign a coarse-grained or fine-grained type to each mention, and link it to an English Knowledge Base (KB) if it is linkable. We achieve this goal by performing a series of new KB mining methods: generating {``}silver-standard{''} annotations by transferring annotations from English to other languages through cross-lingual links and KB properties, refining annotations through self-training and topic selection, deriving language-specific morphology features from anchor links, and mining word translation pairs from cross-lingual links. Both name tagging and linking results for 282 languages are promising on Wikipedia data and on-Wikipedia data.",
}

%CoNLL2003
@article{conll2003,
  title={Introduction to the CoNLL-2003 shared task: Language-independent named entity recognition},
  author={Sang, Erik F and De Meulder, Fien},
  journal={arXiv preprint cs/0306050},
  year={2003}
}

%ner deep survey
@ARTICLE{ner_survey,
  author={Li, Jing and Sun, Aixin and Han, Jianglei and Li, Chenliang},
  journal={IEEE Transactions on Knowledge and Data Engineering}, 
  title={A Survey on Deep Learning for Named Entity Recognition}, 
  year={2022},
  volume={34},
  number={1},
  pages={50-70},
  doi={10.1109/TKDE.2020.2981314}}

%random forests
@article{breiman2001random,
  title={Random forests},
  author={Breiman, Leo},
  journal={Machine learning},
  volume={45},
  pages={5--32},
  year={2001},
  publisher={Springer}
}

@misc{GROBID_pref,
    title = {GROBID},
    howpublished = {\url{https://github.com/kermitt2/grobid}},
    publisher = {GitHub},
    year = {2008--2023},
    archivePrefix = {swh},
    eprint = {1:dir:dab86b296e3c3216e2241968f0d63b68e8209d3c},
    label= {GROB}
}

%random forests
@article{breiman2001random,
  title={Random forests},
  author={Breiman, Leo},
  journal={Machine learning},
  volume={45},
  pages={5--32},
  year={2001},
  publisher={Springer}
}

@article{chen2017improving,
  title={Improving sentiment analysis via sentence type classification using BiLSTM-CRF and CNN},
  author={Chen, Tao and Xu, Ruifeng and He, Yulan and Wang, Xuan},
  journal={Expert Systems with Applications},
  volume={72},
  pages={221--230},
  year={2017},
  publisher={Elsevier}
}

%svm
@article{hearst1998support,
  title={Support vector machines},
  author={Hearst, Marti A. and Dumais, Susan T and Osuna, Edgar and Platt, John and Scholkopf, Bernhard},
  journal={IEEE Intelligent Systems and their applications},
  volume={13},
  number={4},
  pages={18--28},
  year={1998},
  publisher={IEEE}
}

%k-means
@article{hartigan1979algorithm,
  title={Algorithm AS 136: A k-means clustering algorithm},
  author={Hartigan, John A and Wong, Manchek A},
  journal={Journal of the royal statistical society. series c (applied statistics)},
  volume={28},
  number={1},
  pages={100--108},
  year={1979},
  publisher={JSTOR}
}

%parscit
@inproceedings{councill2008parscit,
  title={ParsCit: an Open-source CRF Reference String Parsing Package.},
  author={Councill, Isaac G and Giles, C Lee and Kan, Min-Yen},
  booktitle={LREC},
  volume={8},
  pages={661--667},
  year={2008}
}

%neural parscit
@article{prasad2018neural,
  title={Neural ParsCit: a deep learning-based reference string parser},
  author={Prasad, Animesh and Kaur, Manpreet and Kan, Min-Yen},
  journal={International journal on digital libraries},
  volume={19},
  pages={323--337},
  year={2018},
  publisher={Springer}
}

%overview ref parsing
@inproceedings{tkaczyk2018machine,
  title={Machine learning vs. rules and out-of-the-box vs. retrained: An evaluation of open-source bibliographic reference and citation parsers},
  author={Tkaczyk, Dominika and Collins, Andrew and Sheridan, Paraic and Beel, Joeran},
  booktitle={Proceedings of the 18th ACM/IEEE on joint conference on digital libraries},
  pages={99--108},
  year={2018}
}

@inproceedings{gupta2009new,
  title={A new approach towards bibliographic reference identification, parsing and inline citation matching},
  author={Gupta, Deepank and Morris, Bob and Catapano, Terry and Sautter, Guido},
  booktitle={Contemporary Computing: Second International Conference, IC3 2009, Noida, India, August 17-19, 2009. Proceedings 2},
  pages={93--102},
  year={2009},
  organization={Springer}
}

@article{cortez2009flexible,
  title={A flexible approach for extracting metadata from bibliographic citations},
  author={Cortez, Eli and da Silva, Altigran S and Gon{\c{c}}alves, Marcos Andr{\'e} and Mesquita, Filipe and de Moura, Edleno S},
  journal={Journal of the American Society for Information Science and Technology},
  volume={60},
  number={6},
  pages={1144--1158},
  year={2009},
  publisher={Wiley Online Library}
}

@article{zhang2011parsing,
  title={Parsing citations in biomedical articles using conditional random fields},
  author={Zhang, Qing and Cao, Yong-Gang and Yu, Hong},
  journal={Computers in biology and medicine},
  volume={41},
  number={4},
  pages={190--194},
  year={2011},
  publisher={Elsevier}
}

@article{rizvi2020hybrid,
  title={A hybrid approach and unified framework for bibliographic reference extraction},
  author={Rizvi, Syed Tahseen Raza and Dengel, Andreas and Ahmed, Sheraz},
  journal={IEEE Access},
  volume={8},
  pages={217231--217245},
  year={2020},
  publisher={IEEE}
}

@inproceedings{matsuoka2016examination,
  title={Examination of effective features for CRF-based bibliography extraction from reference strings},
  author={Matsuoka, Daiki and Ohta, Manabu and Takasu, Atsuhiro and Adachi, Jun},
  booktitle={2016 eleventh international conference on digital information management (ICDIM)},
  pages={243--248},
  year={2016},
  organization={IEEE}
}

@article{voskuil2021improving,
  title={Improving reference mining in patents with BERT},
  author={Voskuil, Ken and Verberne, Suzan},
  journal={arXiv preprint arXiv:2101.01039},
  year={2021}
}

@inproceedings{akbik2019flair,
  title={{FLAIR}: An easy-to-use framework for state-of-the-art {NLP}},
  author={Akbik, Alan and Bergmann, Tanja and Blythe, Duncan and Rasul, Kashif and Schweter, Stefan and Vollgraf, Roland},
  booktitle={{NAACL} 2019, 2019 Annual Conference of the North American Chapter of the Association for Computational Linguistics (Demonstrations)},
  pages={54--59},
  year={2019}
}

@inproceedings{cioffi2022structured,
  title={Structured references from PDF articles: assessing the tools for bibliographic reference extraction and parsing},
  author={Cioffi, Alessia and Peroni, Silvio},
  booktitle={International Conference on Theory and Practice of Digital Libraries},
  pages={425--432},
  year={2022},
  organization={Springer}
}

@article{wolf2019huggingface,
  title={Huggingface's transformers: State-of-the-art natural language processing},
  author={Wolf, Thomas and Debut, Lysandre and Sanh, Victor and Chaumond, Julien and Delangue, Clement and Moi, Anthony and Cistac, Pierric and Rault, Tim and Louf, R{\'e}mi and Funtowicz, Morgan and others},
  journal={arXiv preprint arXiv:1910.03771},
  year={2019}
}

@article{vaswani2017attention,
  title={Attention is all you need},
  author={Vaswani, Ashish and Shazeer, Noam and Parmar, Niki and Uszkoreit, Jakob and Jones, Llion and Gomez, Aidan N and Kaiser, {\L}ukasz and Polosukhin, Illia},
  journal={Advances in neural information processing systems},
  volume={30},
  year={2017}
}

@article{wang2020linformer,
  title={Linformer: Self-attention with linear complexity},
  author={Wang, Sinong and Li, Belinda Z and Khabsa, Madian and Fang, Han and Ma, Hao},
  journal={arXiv preprint arXiv:2006.04768},
  year={2020}
}

@misc{devlin2019bert,
      title={BERT: Pre-training of Deep Bidirectional Transformers for Language Understanding}, 
      author={Jacob Devlin and Ming-Wei Chang and Kenton Lee and Kristina Toutanova},
      year={2019},
      eprint={1810.04805},
      archivePrefix={arXiv},
      primaryClass={cs.CL}
}

@misc{liu2019roberta,
      title={RoBERTa: A Robustly Optimized BERT Pretraining Approach}, 
      author={Yinhan Liu and Myle Ott and Naman Goyal and Jingfei Du and Mandar Joshi and Danqi Chen and Omer Levy and Mike Lewis and Luke Zettlemoyer and Veselin Stoyanov},
      year={2019},
      eprint={1907.11692},
      archivePrefix={arXiv},
      primaryClass={cs.CL}
}

@article{sanh2019distilbert,
  title={DistilBERT, a distilled version of BERT: smaller, faster, cheaper and lighter},
  author={Sanh, Victor and Debut, Lysandre and Chaumond, Julien and Wolf, Thomas},
  journal={arXiv preprint arXiv:1910.01108},
  year={2019}
}

@article{kudo2018sentencepiece,
  title={Sentencepiece: A simple and language independent subword tokenizer and detokenizer for neural text processing},
  author={Kudo, Taku and Richardson, John},
  journal={arXiv preprint arXiv:1808.06226},
  year={2018}
}

@misc{sennrich2016neural,
      title={Neural Machine Translation of Rare Words with Subword Units}, 
      author={Rico Sennrich and Barry Haddow and Alexandra Birch},
      year={2016},
      eprint={1508.07909},
      archivePrefix={arXiv},
      primaryClass={cs.CL}
}

@inproceedings{tjong-kim-sang-buchholz-2000-introduction,
    title = "Introduction to the {C}o{NLL}-2000 Shared Task Chunking",
    author = "Tjong Kim Sang, Erik F.  and
      Buchholz, Sabine",
    booktitle = "Fourth Conference on Computational Natural Language Learning and the Second Learning Language in Logic Workshop",
    year = "2000",
    url = "https://aclanthology.org/W00-0726",
}

@inproceedings{levenshtein1966binary,
  title={Binary codes capable of correcting deletions, insertions, and reversals},
  author={Levenshtein, Vladimir I and others},
  booktitle={Soviet physics doklady},
  volume={10},
  number={8},
  pages={707--710},
  year={1966},
  organization={Soviet Union}
}

@misc{noauthor_ssoar_nodate,
	title = {{SSOAR} - {Social} {Science} {Open} {Access} {Repository}},
	url = {https://www.gesis.org/ssoar/home},
	abstract = {Recherchieren Sie im Social Science Open Access Repository sozialwissenschaftliche Dokumente, archivieren Sie Ihre Publikationen und machen Sie sie für Forschende nutzbar.},
	language = {de},
	urldate = {2023-07-01},
        label={SSOAR}
}

@article{sanh2019distilbert,
  title={DistilBERT, a distilled version of BERT: smaller, faster, cheaper and lighter},
  author={Sanh, Victor and Debut, Lysandre and Chaumond, Julien and Wolf, Thomas},
  journal={arXiv preprint arXiv:1910.01108},
  year={2019}
}

@article{beltagy2019scibert,
  title={SciBERT: A pretrained language model for scientific text},
  author={Beltagy, Iz and Lo, Kyle and Cohan, Arman},
  journal={arXiv preprint arXiv:1903.10676},
  year={2019}
}

@misc{rumelhart1985learning,
  title={Learning internal representations by error propagation},
  author={Rumelhart, David E and Hinton, Geoffrey E and Williams, Ronald J and others},
  year={1985},
  publisher={Institute for Cognitive Science, University of California, San Diego La~…}
}

@article{badrinarayanan2017segnet,
  title={Segnet: A deep convolutional encoder-decoder architecture for image segmentation},
  author={Badrinarayanan, Vijay and Kendall, Alex and Cipolla, Roberto},
  journal={IEEE transactions on pattern analysis and machine intelligence},
  volume={39},
  number={12},
  pages={2481--2495},
  year={2017},
  publisher={IEEE}
}

@article{cho2014properties,
  title={On the properties of neural machine translation: Encoder-decoder approaches},
  author={Cho, Kyunghyun and Van Merri{\"e}nboer, Bart and Bahdanau, Dzmitry and Bengio, Yoshua},
  journal={arXiv preprint arXiv:1409.1259},
  year={2014}
}

@article{hochreiter1998vanishing,
  title={The vanishing gradient problem during learning recurrent neural nets and problem solutions},
  author={Hochreiter, Sepp},
  journal={International Journal of Uncertainty, Fuzziness and Knowledge-Based Systems},
  volume={6},
  number={02},
  pages={107--116},
  year={1998},
  publisher={World Scientific}
}

@article{hochreiter1997long,
  title={Long short-term memory},
  author={Hochreiter, Sepp and Schmidhuber, J{\"u}rgen},
  journal={Neural computation},
  volume={9},
  number={8},
  pages={1735--1780},
  year={1997},
  publisher={MIT press}
}

@article{cho2014learning,
  title={Learning phrase representations using RNN encoder-decoder for statistical machine translation},
  author={Cho, Kyunghyun and Van Merri{\"e}nboer, Bart and Gulcehre, Caglar and Bahdanau, Dzmitry and Bougares, Fethi and Schwenk, Holger and Bengio, Yoshua},
  journal={arXiv preprint arXiv:1406.1078},
  year={2014}
}

@article{vaswani2017attention,
  title={Attention is all you need},
  author={Vaswani, Ashish and Shazeer, Noam and Parmar, Niki and Uszkoreit, Jakob and Jones, Llion and Gomez, Aidan N and Kaiser, {\L}ukasz and Polosukhin, Illia},
  journal={Advances in neural information processing systems},
  volume={30},
  year={2017}
}

@article{wu2016google,
  title={Google's neural machine translation system: Bridging the gap between human and machine translation},
  author={Wu, Yonghui and Schuster, Mike and Chen, Zhifeng and Le, Quoc V and Norouzi, Mohammad and Macherey, Wolfgang and Krikun, Maxim and Cao, Yuan and Gao, Qin and Macherey, Klaus and others},
  journal={arXiv preprint arXiv:1609.08144},
  year={2016}
}

@inproceedings{sun2019fine,
  title={How to fine-tune bert for text classification?},
  author={Sun, Chi and Qiu, Xipeng and Xu, Yige and Huang, Xuanjing},
  booktitle={Chinese Computational Linguistics: 18th China National Conference, CCL 2019, Kunming, China, October 18--20, 2019, Proceedings 18},
  pages={194--206},
  year={2019},
  organization={Springer}
}

@article{nogueira2019passage,
  title={Passage Re-ranking with BERT},
  author={Nogueira, Rodrigo and Cho, Kyunghyun},
  journal={arXiv preprint arXiv:1901.04085},
  year={2019}
}
@article{zampieri2019semeval,
  title={Semeval-2019 task 6: Identifying and categorizing offensive language in social media (offenseval)},
  author={Zampieri, Marcos and Malmasi, Shervin and Nakov, Preslav and Rosenthal, Sara and Farra, Noura and Kumar, Ritesh},
  journal={arXiv preprint arXiv:1903.08983},
  year={2019}
}

@article{liu2019roberta,
  title={Roberta: A robustly optimized bert pretraining approach},
  author={Liu, Yinhan and Ott, Myle and Goyal, Naman and Du, Jingfei and Joshi, Mandar and Chen, Danqi and Levy, Omer and Lewis, Mike and Zettlemoyer, Luke and Stoyanov, Veselin},
  journal={arXiv preprint arXiv:1907.11692},
  year={2019}
}

@article{conneau2019cross,
  title={Cross-lingual language model pretraining},
  author={Conneau, Alexis and Lample, Guillaume},
  journal={Advances in neural information processing systems},
  volume={32},
  year={2019}
}

@article{conneau2019unsupervised,
  title={Unsupervised cross-lingual representation learning at scale},
  author={Conneau, Alexis and Khandelwal, Kartikay and Goyal, Naman and Chaudhary, Vishrav and Wenzek, Guillaume and Guzm{\'a}n, Francisco and Grave, Edouard and Ott, Myle and Zettlemoyer, Luke and Stoyanov, Veselin},
  journal={arXiv preprint arXiv:1911.02116},
  year={2019}
}

@article{kudo2018subword,
  title={Subword regularization: Improving neural network translation models with multiple subword candidates},
  author={Kudo, Taku},
  journal={arXiv preprint arXiv:1804.10959},
  year={2018}
}

@inproceedings{xu2020layoutlm,
  title={Layoutlm: Pre-training of text and layout for document image understanding},
  author={Xu, Yiheng and Li, Minghao and Cui, Lei and Huang, Shaohan and Wei, Furu and Zhou, Ming},
  booktitle={Proceedings of the 26th ACM SIGKDD International Conference on Knowledge Discovery \& Data Mining},
  pages={1192--1200},
  year={2020}
}

@inproceedings{girshick2015fast,
  title={Fast r-cnn},
  author={Girshick, Ross},
  booktitle={Proceedings of the IEEE international conference on computer vision},
  pages={1440--1448},
  year={2015}
}

@inproceedings{lewis2006building,
  title={Building a test collection for complex document information processing},
  author={Lewis, David and Agam, Gady and Argamon, Shlomo and Frieder, Ophir and Grossman, David and Heard, Jefferson},
  booktitle={Proceedings of the 29th annual international ACM SIGIR conference on Research and development in information retrieval},
  pages={665--666},
  year={2006}
}

@article{xu2020layoutlmv2,
  title={Layoutlmv2: Multi-modal pre-training for visually-rich document understanding},
  author={Xu, Yang and Xu, Yiheng and Lv, Tengchao and Cui, Lei and Wei, Furu and Wang, Guoxin and Lu, Yijuan and Florencio, Dinei and Zhang, Cha and Che, Wanxiang and others},
  journal={arXiv preprint arXiv:2012.14740},
  year={2020}
}

@inproceedings{xie2017aggregated,
  title={Aggregated residual transformations for deep neural networks},
  author={Xie, Saining and Girshick, Ross and Doll{\'a}r, Piotr and Tu, Zhuowen and He, Kaiming},
  booktitle={Proceedings of the IEEE conference on computer vision and pattern recognition},
  pages={1492--1500},
  year={2017}
}

@article{xu2021layoutxlm,
  title={Layoutxlm: Multimodal pre-training for multilingual visually-rich document understanding},
  author={Xu, Yiheng and Lv, Tengchao and Cui, Lei and Wang, Guoxin and Lu, Yijuan and Florencio, Dinei and Zhang, Cha and Wei, Furu},
  journal={arXiv preprint arXiv:2104.08836},
  year={2021}
}

@article{fire2019over,
  title={Over-optimization of academic publishing metrics: observing Goodhart’s Law in action},
  author={Fire, Michael and Guestrin, Carlos},
  journal={GigaScience},
  volume={8},
  number={6},
  pages={giz053},
  year={2019},
  publisher={Oxford University Press}
}

@inproceedings{ahmar2018lecturers,
  title={Lecturers’ understanding on indexing databases of SINTA, DOAJ, Google Scholar, SCOPUS, and Web of Science: A study of Indonesians},
  author={Ahmar, Ansari Saleh and Kurniasih, Nuning and Irawan, Dasapta Erwin and Sutiksno, Dian Utami and Napitupulu, Darmawan and Setiawan, Muhammad Ikhsan and Simarmata, Janner and Hidayat, Rahmat and Abdullah, Dahlan and Rahim, Robbi and others},
  booktitle={Journal of Physics: Conference Series},
  volume={954},
  number={1},
  pages={012026},
  year={2018},
  organization={IOP Publishing}
}

@article{schmidt1997libraries,
  title={Libraries, bibliographic utilities and library networks: Looking ahead},
  author={Schmidt, Ronald M},
  journal={PUBLICATIONS-ESSEN UNIVERSITY LIBRARY},
  volume={21},
  pages={191--201},
  year={1997},
  publisher={ERIC}
}

@misc{bartell_crossref_nodate,
	type = {website},
	title = {Crossref},
	copyright = {CC BY 4.0},
	url = {https://www.crossref.org/},
	abstract = {Crossref makes research objects easy to find, cite, link, assess, and reuse. We’re a not-for-profit membership organization that exists to make scholarly communications better.},
	language = {en},
	urldate = {2023-07-01},
	journal = {Crossref},
        label = {CroR}
}

@misc{noauthor_datacite_nodate,
        type = {website},
	title = {{DataCite}},
	url = {https://datacite.org/},
	urldate = {2023-07-01},
        label = {DCit}
}

@article{hirsch2005index,
  title={An index to quantify an individual's scientific research output},
  author={Hirsch, Jorge E},
  journal={Proceedings of the National academy of Sciences},
  volume={102},
  number={46},
  pages={16569--16572},
  year={2005},
  publisher={National Acad Sciences}
}

@article{cui2021document,
  title={Document ai: Benchmarks, models and applications},
  author={Cui, Lei and Xu, Yiheng and Lv, Tengchao and Wei, Furu},
  journal={arXiv preprint arXiv:2111.08609},
  year={2021}
}

@misc{dataturks,
        type = {website},
	title = {{DataTurks}},
	url = {https://github.com/DataTurks/DataTurks},
	urldate = {2023-07-01},
        label = {DTur}
}



@misc{hug_layoutxlm,
        type = {website},
	title = {{LayoutXLM Model}},
	url = {https://huggingface.co/microsoft/layoutxlm-base},
	urldate = {2023-07-01},
        label = {HLay}
}
@misc{hug_xlmr,
        type = {website},
	title = {{XLM-RoBERTa Model}},
	url = {https://huggingface.co/xlm-roberta-base},
	urldate = {2023-07-01},
        label = {HXlm}
}
@misc{hug_uncased_bert,
        type = {website},
	title = {{Multilingual Uncased BERT Model}},
	url = {https://huggingface.co/bert-base-multilingual-uncased},
	urldate = {2023-07-01},
        label = {HMUB}
}
@misc{hug_cased_bert,
        type = {website},
	title = {{Multilingual Cased BERT Model}},
	url = {https://huggingface.co/bert-base-multilingual-cased},
	urldate = {2023-07-01},
        label = {HMCB}
}
@misc{pytess,
        type = {website},
	title = {{pytesseract}},
	url = {https://github.com/madmaze/pytesseract},
	urldate = {2023-07-01},
        label = {PyTes}
}
@misc{vuejs,
        type = {website},
	title = {{Vue.js}},
	url = {https://vuejs.org/guide/introduction.html},
	urldate = {2023-07-01},
        label = {Vue}
}
@misc{fastapi,
        type = {website},
	title = {{FastAPI}},
	url = {https://fastapi.tiangolo.com/},
	urldate = {2023-07-01},
        label = {FasA}
}

